@book{kr,
  edition = 8,
  publisher = {Pearson},
  author = {Kurose, James F. and Ross, Keith W.},
  title = {Computer Networking: A Top-Down Approach},
  year = 2022
}


